@Online{NASA,
  Title       = {NASAâ€™s New Horizons Team Finds Haze, Flowing Ice on Pluto},
  Author      = {Gina Anderson},
  Url         = {https://www.nasa.gov/press-release/nasa-s-new-horizons-team-finds-haze-flowing-ice-on-pluto}
  Date        = 2015-07-24,
  Urldate     = 2015-08-23,
  Publisher   = {NASA}, 
}

@Book{SomeBook,
  Title       = {Title},
  Author      = {Author and Author},
  Publisher   = {The Publisher},
  Location    = {The City of Publication},
  Date        = 2020,
}
